* Monadic Optimization
@article{ghani2007monadic,
 title={Monadic augment and generalised short cut fusion},
 author={Ghani, N. and Johann, P.},
 journal={Journal of Functional Programming},
 volume={17},
 number={6},
 pages={731--776},
 year={2007},
 publisher={Cambridge Univ Press}

@article{pudlak2011reader,
  title={The Reader Monad and Abstraction Elimination},
  author={Pudl{\'a}k, P.},
  journal={The Monad. Reader Issue 17},
  pages={35},
  year={2011}

@article{tolmach1998optimizing,
  title={Optimizing ML using a hierarchy of monadic types},
  author={Tolmach, A.},
  journal={Types in Compilation},
  pages={97--115},
  year={1998},
  publisher={Springer}
}

* Stack Allocation
@inproceedings{kennedy07cps,
  title={Compiling with continuations, continued},
  author={Kennedy, A.},
  booktitle={International Conference on Functional Programming: Proceedings of the 2007 ACM SIGPLAN international conference on Functional programming},
  volume={1},
  number={03},
  pages={177--190},
  year={2007}
}

@article{fluet01contification,
  title={Contification using dominators},
  author={Fluet, M. and Weeks, S.},
  journal={ACM SIGPLAN Notices},
  volume={36},
  number={10},
  pages={2--13},
  year={2001},
  publisher={ACM}
}

@article{flanagan04essence,
  title={The essence of compiling with continuations},
  author={Flanagan, C. and Sabry, A. and Duba, B.F. and Felleisen, M.},
  journal={ACM SIGPLAN Notices},
  volume={39},
  number={4},
  pages={502--514},
  year={2004},
  publisher={ACM}
}

@inproceedings{reppy01local,
  title={Local CPS conversion in a direct-style compiler},
  author={Reppy, J.},
  booktitle={Proceedings of the Third ACM SIGPLAN Workshop on Continuations (CWâ€™01)},
  pages={13--22},
  year={2001},
  organization={Citeseer}
}

@article{reppy02optimizing,
  title={Optimizing nested loops using local CPS conversion},
  author={Reppy, J.},
  journal={Higher-Order and Symbolic Computation},
  volume={15},
  number={2},
  pages={161--180},
  year={2002},
  publisher={Springer}
}

@article{abel11lambda,
  title={A Lambda Term Representation Inspired by Linear Ordered Logic},
  author={Abel, A. and Kraus, N.},
  journal={arXiv preprint arXiv:1111.0085},
  year={2011}
}

@inproceedings{marlow:parallel,
  title={Parallel generational-copying garbage collection with a block-structured heap},
  author={Marlow, S. and Harris, T. and James, R.P. and Peyton Jones, S.},
  booktitle={Proceedings of the 7th international symposium on Memory management},
  pages={11--20},
  year={2008},
  organization={ACM}
}

@inproceedings{Huelsbergen,
  title={Very concurrent mark-\&-sweep garbage collection without fine-grain synchronization},
  author={Huelsbergen, L. and Winterbottom, P.},
  booktitle={ACM SIGPLAN Notices},
  volume={34},
  number={3},
  pages={166--175},
  year={1998},
  organization={ACM}
}

@book{gcbook,
  title={The Garbage Collection Handbook: The Art of Automatic Memory Management},
  author={Jones, R. and Hosking, A. and Moss, E.},
  year={2011},
  publisher={Chapman \& Hall/CRC}
}

#+STARTUP: showall

#+BEGIN_COMMENT
Local Variables:
mode: org
End:
#+END_COMMENT
